@book{Aggarwal2013,
author = {Aggarwal, Charu C.},
isbn = {978-1-4614-6395-5},
pages = {446},
publisher = {Springer},
title = {{Outlier Analysis}},
url = {http://link.springer.com/book/10.1007\%2F978-1-4614-6396-2},
year = {2013}
}

@book{Hawkins1980,
author = {Hawkins, D.M.},
editor = {Cox, D.R.},
isbn = {978-94-015-3996-8},
pages = {188},
publisher = {Springer},
title = {{Identification of Outliers}},
url = {http://download.springer.com/static/pdf/251/bok\%3A978-94-015-3994-4.pdf?auth66=1414759003\_c7bfa7334c8d0b412dc4385a08f7124c\&ext=.pdf},
year = {1980}
}

@inproceedings{Ilyas2004,
address = {New York, New York, USA},
author = {Ilyas, Ihab F. and Markl, Volker and Haas, Peter and Brown, Paul and Aboulnaga, Ashraf},
booktitle = {Proceedings of the 2004 ACM SIGMOD international conference on Management of data - SIGMOD '04},
doi = {10.1145/1007568.1007641},
file = {:Users/rhardin/Library/Application Support/Mendeley Desktop/Downloaded/Ilyas et al. - 2004 - CORDS.pdf:pdf},
isbn = {1581138598},
month = jun,
pages = {647},
publisher = {ACM Press},
title = {{CORDS}},
url = {http://dl.acm.org/citation.cfm?id=1007568.1007641},
year = {2004}
}

@inproceedings{Kriegel2009,
address = {New York, New York, USA},
author = {Kriegel, Hans-Peter and Kr\"{o}ger, Peer and Schubert, Erich and Zimek, Arthur},
booktitle = {Proceeding of the 18th ACM conference on Information and knowledge management - CIKM '09},
doi = {10.1145/1645953.1646195},
file = {:Users/rhardin/Library/Application Support/Mendeley Desktop/Downloaded/Kriegel et al. - 2009 - LoOP.pdf:pdf},
isbn = {9781605585123},
keywords = {outlier detection},
month = nov,
pages = {1649},
publisher = {ACM Press},
title = {{LoOP}},
url = {http://dl.acm.org/citation.cfm?id=1645953.1646195},
year = {2009}
}

@inproceedings{Zhang2004,
address = {Toronto},
author = {Zhang, Ji and Lou, Meng and {Wang Ling}, Tok and Wang, Hai},
booktitle = {Proceedings of the 30th VLDB Conference},
pages = {1265--1268},
title = {{HOS-Miner: A System for Detecting Outlying Subspaces of High-dimensional Data}},
url = {http://www.vldb.org/conf/2004/DEMP5.PDF},
year = {2004}
}
@misc{IntelLabData,
author = {Bodik,Peter and Hong,Wei and Guestrin,Carlos and Madden,Sam and Paskin,Mark  and Thibaux,Romain},
title = {Intel Lab Data},
year = {2004},
howpublished = {\url{http://db.csail.mit.edu/labdata/labdata.html}},
url = {http://db.csail.mit.edu/labdata/labdata.html},
note = "[Online. Accessed 03-Nov-2014]"

}

@misc{CSAILDirectory,
title = {CSAIL People},
howpublished = {\url{https://www.csail.mit.edu/peoplesearch}},
url = {https://www.csail.mit.edu/peoplesearch},
note = "[Online. Accessed 07-Oct-2014]"
}

@misc{PresCampaignData,
title = {2012 Presidential Campaign Finance},
howpublished = {\url{http://www.fec.gov/disclosurep/PDownload.do}},
url = {http://www.fec.gov/disclosurep/PDownload.do},
note = "[Online. Accessed 03-Nov-2014]"
}

@article{Wu,
 author = {Wu, Eugene and Madden, Samuel},
 title = {Scorpion: Explaining Away Outliers in Aggregate Queries},
 journal = {Proc. VLDB Endow.},
 issue_date = {June 2013},
 volume = {6},
 number = {8},
 month = jun,
 year = {2013},
 issn = {2150-8097},
 pages = {553--564},
 numpages = {12},
 url = {http://dx.doi.org/10.14778/2536354.2536356},
 doi = {10.14778/2536354.2536356},
 acmid = {2536356},
 publisher = {VLDB Endowment},
}

@inproceedings{Breunig2000,
 author = {Breunig, Markus M. and Kriegel, Hans-Peter and Ng, Raymond T. and Sander, J\"{o}rg},
 title = {{LOF: Identifying Density-based Local Outliers}},
 booktitle = {Proceedings of the 2000 ACM SIGMOD International Conference on Management of Data},
 series = {SIGMOD '00},
 year = {2000},
 isbn = {1-58113-217-4},
 location = {Dallas, Texas, USA},
 pages = {93--104},
 numpages = {12},
 url = {http://doi.acm.org/10.1145/342009.335388},
 doi = {10.1145/342009.335388},
 acmid = {335388},
 publisher = {ACM},
 address = {New York, NY, USA},
 keywords = {database mining, outlier detection},
} 

@inproceedings{Schwartz1978,
author = {Schwartz, Gideon },
booktitle = {The Annals of Statistics},
pages = {461--464},
title = {Estimating the dimension of a model},
year = {1978}
}

@inproceedings{Akaike1974,
author = {Akaike, H },
booktitle = {IEEE Transactions on Automatic Control},
pages = {716--723},
title = {A new look at the statistical model identification},
year = {1974}
}

@INPROCEEDINGS{Roberts1999,
    author = {Stephen J. Roberts},
    title = {{Novelty Detection using Extreme Value Statistics}},
    booktitle = {IEE Proceedings on Vision, Image and Signal Processing},
    year = {1999},
    pages = {124--129}
}

@article{Roberts1994,
 author = {Roberts, Stephen and Tarassenko, Lionel},
 title = {{A Probabilistic Resource Allocating Network for Novelty Detection}},
 journal = {Neural Comput.},
 issue_date = {March 1994},
 volume = {6},
 number = {2},
 month = mar,
 year = {1994},
 issn = {0899-7667},
 pages = {270--284},
 numpages = {15},
 url = {http://dx.doi.org/10.1162/neco.1994.6.2.270},
 doi = {10.1162/neco.1994.6.2.270},
 acmid = {188116},
 publisher = {MIT Press},
 address = {Cambridge, MA, USA},
} 

@INPROCEEDINGS{Sun2006,
    author = {Pei Sun and Sanjay Chawla and Bavani Arunasalam},
    title = {Mining for outliers in sequential databases},
    booktitle = {ICDM},
    year = {2006},
    pages = {94--106}
}

@article{Cansado2008,
 author = {Cansado, Antonio and Soto, Alvaro},
 title = {{Unsupervised Anomaly Detection in Large Databases Using Bayesian Networks}},
 journal = {Appl. Artif. Intell.},
 issue_date = {April 2008},
 volume = {22},
 number = {4},
 month = apr,
 year = {2008},
 issn = {0883-9514},
 pages = {309--330},
 numpages = {22},
 url = {http://dx.doi.org/10.1080/08839510801972801},
 doi = {10.1080/08839510801972801},
 acmid = {1451348},
 publisher = {Taylor \& Francis, Inc.},
 address = {Bristol, PA, USA},
}

@inproceedings{Lu2005,
  added-at = {2005-11-30T00:00:00.000+0100},
  author = {Lu, Wei and Traor√©, Issa},
  biburl = {http://www.bibsonomy.org/bibtex/2d9ff008935a0684670753f2bdfd87640/dblp},
  booktitle = {CANS},
  date = {2005-11-30},
  description = {dblp},
  editor = {Desmedt, Yvo and Wang, Huaxiong and Mu, Yi and Li, Yongqing},
  ee = {http://dx.doi.org/10.1007/11599371_9},
  interhash = {3ea5ca4c306c17c3810dbe4d0a385402},
  intrahash = {d9ff008935a0684670753f2bdfd87640},
  isbn = {3-540-30849-0},
  keywords = {dblp},
  pages = {96-109},
  publisher = {Springer},
  series = {Lecture Notes in Computer Science},
  timestamp = {2005-11-30T00:00:00.000+0100},
  title = {{A New Unsupervised Anomaly Detection Framework for Detecting Network Attacks in Real-Time.}},
  url = {http://dblp.uni-trier.de/db/conf/cans/cans2005.html#LuT05},
  volume = 3810,
  year = 2005
}

@article{Hodge2004,
 author = {Hodge, Victoria and Austin, Jim},
 title = {{A Survey of Outlier Detection Methodologies}},
 journal = {Artif. Intell. Rev.},
 issue_date = {October 2004},
 volume = {22},
 number = {2},
 month = oct,
 year = {2004},
 issn = {0269-2821},
 pages = {85--126},
 numpages = {42},
 url = {http://dx.doi.org/10.1023/B:AIRE.0000045502.10941.a9},
 doi = {10.1023/B:AIRE.0000045502.10941.a9},
 acmid = {1028946},
 publisher = {Kluwer Academic Publishers},
 address = {Norwell, MA, USA},
 keywords = {anomaly, detection, deviation, noise, novelty, outlier, recognition},
}

@Article{Lane1997a,
	title = {{An Application of Machine Learning to Anomaly Detection}},
	author = "T. Lane and C. Brodley",
	year = "1997",
	month = "February",
	number = "COAST TR 97-03",
	day = "14",
	affiliation = "Purdue University",
	keywords = "computer security, anomaly detection, machine learning",
	language = "English",
	subject = "Computer security",
	url = "https://www.cerias.purdue.edu/techreports-ssl/public/97-03.pdf",
}

@INPROCEEDINGS{Lane1997b,
    author = {Terran Lane and Carla E. Brodley},
    title = {Sequence matching and learning in anomaly detection for computer security},
    booktitle = {Proceedings of AAAI-97 Workshop on AI Approaches to Fraud Detection and Risk Management},
    year = {1997}
}

@article{Bouarfa2012,
  added-at = {2012-12-04T00:00:00.000+0100},
  author = {Bouarfa, Loubna and Dankelman, Jenny},
  biburl = {http://www.bibsonomy.org/bibtex/28140611276802fb19621a1767665ca0c/dblp},
  ee = {http://dx.doi.org/10.1016/j.jbi.2012.08.003},
  interhash = {838e2a082769b79b12ca2542db6e6982},
  intrahash = {8140611276802fb19621a1767665ca0c},
  journal = {Journal of Biomedical Informatics},
  keywords = {dblp},
  number = 6,
  pages = {1185-1190},
  timestamp = {2012-12-04T00:00:00.000+0100},
  title = {Workflow mining and outlier detection from clinical activity logs.},
  url = {http://dblp.uni-trier.de/db/journals/jbi/jbi45.html#BouarfaD12},
  volume = 45,
  year = 2012
}

@article{dBudalakoti2006,
  author = {Budalakoti, Suratna and Srivastava, Ashok N. and Akella, Ram and 
  Turkov, Eugene},
  timestamp = {2006-09-01T00:00:00.000+0100},

  url = {http://ntrs.nasa.gov/archive/nasa/casi.ntrs.nasa.gov/20060046368.pdf},
  year = 2006
}

@inproceedings{Budalakoti2006,
author={Budalakoti, Suratna and Srivastava, Ashok N. and Akella, Ram and 
  Turkov, Eugene},
title = {{Anomaly Detection in Large Sets of High-Dimensional Symbol Sequences}},
OPTeventtitle = {SDM06},
date = {20-22 Apr. 2006},
OPTorganization = {SIAM International Conference on Data Mining},
OPTlocation = {Bethesda, Maryland, USA},
OPTmonth = {April},
OPTurl = {http://ntrs.nasa.gov/archive/nasa/casi.ntrs.nasa.gov/20060046368.pdf},
year = {2006}
}

@incollection{Gebski2007,
year={2007},
isbn={978-3-540-71702-7},
booktitle={Advances in Databases: Concepts, Systems and Applications},
volume={4443},
series={Lecture Notes in Computer Science},
editor={Kotagiri, Ramamohanarao and Krishna, P.Radha and Mohania, Mukesh and Nantajeewarawat, Ekawit},
doi={10.1007/978-3-540-71703-4_17},
title={An Efficient Histogram Method for Outlier Detection},
url={http://dx.doi.org/10.1007/978-3-540-71703-4_17},
publisher={Springer Berlin Heidelberg},
author={Gebski, Matthew and Wong, RaymondK.},
pages={176-187},
language={English}
}

@article{Ramaswamy2000,
 author = {Ramaswamy, Sridhar and Rastogi, Rajeev and Shim, Kyuseok},
 title = {Efficient Algorithms for Mining Outliers from Large Data Sets},
 journal = {SIGMOD Rec.},
 issue_date = {June 2000},
 volume = {29},
 number = {2},
 month = may,
 year = {2000},
 issn = {0163-5808},
 pages = {427--438},
 numpages = {12},
 url = {http://doi.acm.org/10.1145/335191.335437},
 doi = {10.1145/335191.335437},
 acmid = {335437},
 publisher = {ACM},
 address = {New York, NY, USA},
}

@TechReport{Achour2014,
  Title                    = {Energy-Efficient Approximate Computation in Topaz},
  Author                   = {Achour, Sara and Rinard, Martin},
  Institution              = {MIT CSAIL},
  Year                     = {2014},
  Month                    = {08},
  Url                      = {hdl.handle.net/1721.1/88926}
}

@inproceedings{Sheng2007,
 author = {Sheng, Bo and Li, Qun and Mao, Weizhen and Jin, Wen},
 title = {Outlier Detection in Sensor Networks},
 booktitle = {Proceedings of the 8th ACM International Symposium on Mobile Ad Hoc Networking and Computing},
 series = {MobiHoc '07},
 year = {2007},
 isbn = {978-1-59593-684-4},
 location = {Montreal, Quebec, Canada},
 pages = {219--228},
 numpages = {10},
 url = {http://doi.acm.org/10.1145/1288107.1288137},
 doi = {10.1145/1288107.1288137},
 acmid = {1288137},
 publisher = {ACM},
 address = {New York, NY, USA},
 keywords = {data mining, histogram, outlier detection, wireless sensor networks},
}

@ARTICLE{Dempster1977,
    author = {A. P. Dempster and N. M. Laird and D. B. Rubin},
    title = {Maximum likelihood from incomplete data via the EM algorithm},
    journal = {JOURNAL OF THE ROYAL STATISTICAL SOCIETY, SERIES B},
    year = {1977},
    volume = {39},
    number = {1},
    pages = {1--38}
}
